%% This is file `DEMO-TUDaBibliography.bib' version 3.32 (2023/06/19),
%% it is part of
%% TUDa-CI -- Corporate Design for TU Darmstadt
%% ----------------------------------------------------------------------------
%%
%%  Copyright (C) 2018--2023 by Marei Peischl <marei@peitex.de>
%%
%% ============================================================================
%% This work may be distributed and/or modified under the
%% conditions of the LaTeX Project Public License, either version 1.3c
%% of this license or (at your option) any later version.
%% The latest version of this license is in
%% http://www.latex-project.org/lppl.txt
%% and version 1.3c or later is part of all distributions of LaTeX
%% version 2008/05/04 or later.
%%
%% This work has the LPPL maintenance status `maintained'.
%%
%% The Current Maintainers of this work are
%%   Marei Peischl <tuda-ci@peitex.de>
%%   Markus Lazanowski <latex@ce.tu-darmstadt.de>
%%
%% The development respository can be found at
%% https://github.com/tudace/tuda_latex_templates
%% Please use the issue tracker for feedback!
%%
%% If you need a compiled version of this document, have a look at
%% http://mirror.ctan.org/macros/latex/contrib/tuda-ci/doc
%% or at the documentation directory of this package (if installed)
%% <path to your LaTeX distribution>/doc/latex/tuda-ci
%% ============================================================================
%%
% !TeX program = lualatex
%%
%https://github.com/gshen42/HasChor
%HasChor
%Beispiel BibTeX-Datenbank für die Verwendung von biblatex und biber

@article{haschor,
author = {Shen, Gan and Kashiwa, Shun and Kuper, Lindsey},
title = {HasChor: Functional Choreographic Programming for All (Functional Pearl)},
year = {2023},
issue_date = {August 2023},
publisher = {Association for Computing Machinery},
address = {New York, NY, USA},
volume = {7},
number = {ICFP},
url = {https://doi.org/10.1145/3607849},
doi = {10.1145/3607849},
journal = {Proc. ACM Program. Lang.},
month = {aug},
articleno = {207},
numpages = {25},
keywords = {Choreographic programming, freer monads}
}

@MISC{githubmathlib4,
title={{ Lean community Webpage}},
howpublished={\url{https://leanprover-community.github.io} [last visited 15.03.2024]}
}
@MISC{githubmathlib4,
title={{ Mathlib4 github respository}},
howpublished={\url{https://github.com/leanprover-community/mathlib4} [last visited 15.03.2024]}
}

@MISC{github_socket,
author={Henrik Böving},
title={{ socket.lean github respository}},
howpublished={\url{https://github.com/hargoniX/socket.lean} [last visited 15.03.2024]}
}
@MISC{test,
author={Simon Daniel},
title={{Pull request - version bumb to lean4:v4.6.0-rc1}},
howpublished={\url{https://github.com/hargoniX/socket.lean/pull/6} [last visited 15.03.2021]}
}
@MISC{github_lean4,
author={Simon Daniel},
title={{Pull request - version bumb to lean4:v4.6.0-rc1}},
howpublished={\url{https://github.com/hargoniX/socket.lean/pull/6} [last visited 15.03.2021]}
}

@MISC{githublean4,
author={Leonardo de Moura at Microsoft Research},
title={{Lean 4 programming language and theorem prover}},
howpublished={\url{https://github.com/leanprover/lean4} [last visited 15.03.2021]}
}

@article{pirouette,
author = {Hirsch, Andrew K. and Garg, Deepak},
title = {Pirouette: higher-order typed functional choreographies},
year = {2022},
issue_date = {January 2022},
publisher = {Association for Computing Machinery},
address = {New York, NY, USA},
volume = {6},
number = {POPL},
url = {https://doi.org/10.1145/3498684},
doi = {10.1145/3498684},
abstract = {We present Pirouette, a language for typed higher-order functional choreographic programming. Pirouette offers programmers the ability to write a centralized functional program and compile it via endpoint projection into programs for each node in a distributed system. Moreover, Pirouette is defined generically over a (local) language of messages, and lifts guarantees about the message type system to its own. Message type soundness also guarantees deadlock freedom. All of our results are verified in Coq.},
journal = {Proc. ACM Program. Lang.},
month = {jan},
articleno = {23},
numpages = {27},
keywords = {Functional Programming, Concurrency, Choreographies}
}

@inproceedings{gentle-introduction-multiparty-sessiontypes,
  author = {Nobuko Yoshida and Lorenzo Gheri},
  title = {{A Very Gentle Introduction to Multiparty Session Types}},
  booktitle = {16th International Conference on Distributed Computing and Internet Technology},
  series = {LNCS},
  volume = {11969},
  pages = {73--93},
  publisher = {Springer},
  year = 2020
}
